@inproceedings{chen2024reconcile,
  title     = {{R}e{Concile}: Round-Table Conference Improves Reasoning via Consensus among Diverse {LLMs}},
  author    = {Chen, Justin and Saha, Swarnadeep and Bansal, Mohit},
  booktitle = {Proceedings of the 62nd Annual Meeting of the Association for Computational Linguistics (Volume 1: Long Papers)},
  year      = {2024},
  pages     = {7066--7085},
  doi       = {10.18653/v1/2024.acl-long.381},
  url       = {https://aclanthology.org/2024.acl-long.381},
  eprint    = {arXiv:2309.13007}
}

@inproceedings{shinn2023reflexion,
  title     = {Reflexion: Language Agents with Verbal Reinforcement Learning},
  author    = {Shinn, Noah and Cassano, Federico and Berman, Edward and Gopinath, Ashwin and Narasimhan, Karthik and Yao, Shunyu},
  booktitle = {Advances in Neural Information Processing Systems 36 (NeurIPS 2023)},
  year      = {2023},
  pages     = {8634--8652},
  url       = {https://arxiv.org/abs/2303.11366},
  eprint    = {arXiv:2303.11366}
}

@article{wang2025malot,
  title   = {{MA-LoT}: Multi-Agent {Lean}-based Long {Chain-of-Thought} Reasoning Enhances Formal Theorem Proving},
  author  = {Wang, Ruida and Pan, Rui and Li, Yuxin and Zhang, Jipeng and Jia, Yizhen and Diao, Shizhe and Pi, Renjie and Hu, Junjie and Zhang, Tong},
  journal = {arXiv preprint},
  year    = {2025},
  eprint  = {arXiv:2503.03205},
  url     = {https://arxiv.org/abs/2503.03205}
}

@article{silver2016alphago,
  title   = {Mastering the game of {Go} with deep neural networks and tree search},
  author  = {Silver, David and Huang, Aja and Maddison, Chris J. and Guez, Arthur and Sifre, Laurent and van den Driessche, George and Schrittwieser, Julian and Antonoglou, Ioannis and Panneershelvam, Veda and Lanctot, Marc and Dieleman, Sander and Grewe, Dominik and Nham, John and Kalchbrenner, Nal and Sutskever, Ilya and Lillicrap, Timothy and Leach, Madeleine and Kavukcuoglu, Koray and Graepel, Thore and Hassabis, Demis},
  journal = {Nature},
  volume  = {529},
  number  = {7587},
  pages   = {484--489},
  year    = {2016},
  doi     = {10.1038/nature16961},
  url     = {https://doi.org/10.1038/nature16961}
}

@inproceedings{yao2023tree,
  title     = {Tree of Thoughts: Deliberate Problem Solving with Large Language Models},
  author    = {Yao, Shunyu and Yu, Dian and Zhao, Jeffrey and Shafran, Izhak and Griffiths, Thomas L. and Cao, Yuan and Narasimhan, Karthik},
  booktitle = {Advances in Neural Information Processing Systems 36 (NeurIPS 2023)},
  year      = {2023},
  url       = {https://arxiv.org/abs/2305.10601},
  eprint    = {arXiv:2305.10601}
}

@article{madaan2023selfrefine,
  title   = {{Self-Refine}: Iterative Refinement with Self-Feedback},
  author  = {Madaan, Aman and Tandon, Niket and Gupta, Prakhar and Hallinan, Skyler and Gao, Luyu and Wiegreffe, Sarah and Alon, Uri and Dziri, Nouha and Prabhumoye, Shrimai and Yang, Yiming and Gupta, Shashank and Majumder, Bodhisattwa P. and Hermann, Katherine and Welleck, Sean and Yazdanbakhsh, Amir and Clark, Peter},
  journal = {arXiv preprint},
  year    = {2023},
  eprint  = {arXiv:2303.17651},
  url     = {https://arxiv.org/abs/2303.17651}
}

@article{marcus2020nextdecade,
  title   = {The Next Decade in {AI}: Four Steps Towards Robust Artificial Intelligence},
  author  = {Marcus, Gary},
  journal = {arXiv preprint},
  year    = {2020},
  eprint  = {arXiv:2002.06177},
  url     = {https://arxiv.org/abs/2002.06177}
}

@article{fan2024ragsurvey,
  title   = {A Survey on {RAG} Meeting {LLMs}: Towards Retrieval-Augmented Large Language Models},
  author  = {Fan, Wenqi and Ding, Yujuan and Ning, Liangbo and Wang, Shijie and Li, Hengyun and Yin, Dawei and Chua, Tat-Seng and Li, Qing},
  journal = {arXiv preprint},
  year    = {2024},
  eprint  = {arXiv:2405.06211},
  url     = {https://arxiv.org/abs/2405.06211}
}

@article{bai2022constitutional,
  title   = {Constitutional {AI}: Harmlessness from {AI} Feedback},
  author  = {Bai, Yuntao and Kadavath, Saurav and Kundu, Sandipan and Askell, Amanda and Kernion, Jackson and Jones, Andy and Chen, Anna and Goldie, Anna and Mirhoseini, Azalia and McKinnon, Cameron and Chen, Carol and Olsson, Catherine and Olah, Christopher and Hernandez, Danny and Drain, Dawn and Ganguli, Deep and Li, Dustin and Tran-Johnson, Eli and Perez, Ethan and Kerr, Jamie and Mueller, Jared and Ladish, Jeffrey and Landau, Joshua and Ndousse, Kamal and Lukosuite, Kamile and Lovitt, Liane and Sellitto, Michael and Elhage, Nelson and Schiefer, Nicholas and Mercado, Noemi and DasSarma, Nova and Lasenby, Robert and Larson, Robin and Ringer, Sam and Johnston, Scott and Kravec, Shauna and El Showk, Sheer and Fort, Stanislav and Lanham, Tamera and Telleen-Lawton, Timothy and Conerly, Tom and Henighan, Tom and Hume, Tristan and Bowman, Samuel R. and Hatfield-Dodds, Zac and Mann, Ben and Amodei, Dario and Joseph, Nicholas and McCandlish, Sam and Brown, Tom and Kaplan, Jared},
  journal = {arXiv preprint},
  year    = {2022},
  eprint  = {arXiv:2212.08073},
  url     = {https://arxiv.org/abs/2212.08073}
}


@inproceedings{lewis2020rag,
  title     = {Retrieval-Augmented Generation for Knowledge-Intensive {NLP} Tasks},
  author    = {Lewis, Patrick and Perez, Ethan and Piktus, Aleksandra and Petroni, Fabio and Karpukhin, Vladimir and Goyal, Naman and K{\"u}ttler, Heinrich and Lewis, Mike and Yih, Wen-tau and Rockt{\"a}schel, Tim and Riedel, Sebastian and Kiela, Douwe},
  booktitle = {Advances in Neural Information Processing Systems 33 (NeurIPS 2020)},
  year      = {2020},
  eprint    = {arXiv:2005.11401},
  url       = {https://arxiv.org/abs/2005.11401}
}

@inproceedings{mathlib2020lean,
  title     = {The Lean Mathematical Library},
  author    = {{mathlib Community}},
  booktitle = {Proceedings of the 9th ACM SIGPLAN International Conference on Certified Programs and Proofs (CPP '20)},
  year      = {2020},
  doi       = {10.1145/3372885.3373824},
  url       = {https://arxiv.org/abs/1910.09336}
}

@article{dawid2024latent,
  title   = {Introduction to Latent Variable Energy-Based Models: A Path Towards Autonomous Machine Intelligence},
  author  = {Dawid, Anna and LeCun, Yann},
  journal = {Journal of Statistical Mechanics: Theory and Experiment},
  year    = {2024},
  pages   = {104011},
  doi     = {10.1088/1742-5468/ad292b},
  url     = {https://arxiv.org/abs/2306.02572}
}

@misc{LeCun2023SFI,
  author       = {LeCun, Yann},
  title        = {Unpopular Opinion about AR-LLMs (slide 14, Santa Fe Institute talk)},
  howpublished = {\url{https://www.slideshare.net/slideshow/yann-lecun-20230424-santa-fe-institute-pdf/269726578}},
  month        = {Apr.},
  year         = {2023}
}
